<record><leader>00000cas a2200000Ma 4500</leader><controlfield tag="001">10707583</controlfield><controlfield tag="008">840509d186u18uuctuwr ne      0    0eng d</controlfield><datafield ind1=" " ind2=" " tag="010"><subfield code="a">sn 84023034 </subfield></datafield><datafield ind1=" " ind2=" " tag="040"><subfield code="a">AQM</subfield><subfield code="b">eng</subfield><subfield code="c">AQM</subfield><subfield code="d">OCLCQ</subfield></datafield><datafield ind1="0" ind2="4" tag="245"><subfield code="a">The New London chronicle.</subfield></datafield><datafield ind1=" " ind2=" " tag="260"><subfield code="a">New London, Conn. :</subfield><subfield code="b">William O. Irish</subfield></datafield><datafield ind1=" " ind2=" " tag="300"><subfield code="a">v.</subfield></datafield><datafield ind1=" " ind2=" " tag="310"><subfield code="a">Weekly</subfield></datafield><datafield ind1=" " ind2=" " tag="500"><subfield code="a">Published as: New-London chronicle, &lt;1862-1869&gt;.</subfield></datafield><datafield ind1=" " ind2=" " tag="500"><subfield code="a">Publishers: W. Starr, 1862; Samuel Fox &amp; Co., 1862-&lt;1863&gt;; S. Fox, &lt;1864&gt;; C.D. Rice &amp; Co., &lt;1866&gt;.</subfield></datafield><datafield ind1=" " ind2=" " tag="500"><subfield code="a">"Union," &lt;1864&gt;; "Republican," &lt;1869&gt;.</subfield></datafield><datafield ind1=" " ind2=" " tag="588"><subfield code="a">Description based on: Vol. 13, no. 10 (Mar. 29, 1862).</subfield></datafield><datafield ind1=" " ind2="7" tag="655"><subfield code="a">Newspapers.</subfield><subfield code="2">rbgenr</subfield></datafield><datafield ind1=" " ind2=" " tag="752"><subfield code="a">United States</subfield><subfield code="b">Connecticut</subfield><subfield code="c">New London</subfield><subfield code="d">New London.</subfield></datafield><datafield ind1="0" ind2=" " tag="775"><subfield code="t">Daily chronicle (New London, Conn.)</subfield><subfield code="w">(DLC)sn 84023038</subfield></datafield><datafield ind1="0" ind2="0" tag="780"><subfield code="t">New-London weekly chronicle</subfield><subfield code="w">(DLC)sn 84023033</subfield></datafield><datafield ind1="0" ind2="4" tag="785"><subfield code="t">State temperence journal</subfield></datafield><datafield ind1="1" ind2=" " tag="029"><subfield code="a">AU@</subfield><subfield code="b">000020228320</subfield></datafield></record>